 % This file was created with JabRef 2.6.
% Encoding: UTF-8

@book{exemplo-livro,
    author = {Fulano Tal},
    publisher = {Editora},
    title = {Título},
    year = {2008}
}

@misc{exemplo-site,
    author = {{Web Site}},
    note = {Disponível em: <https://www.google.com/>},
    year = {2021}
}

@article{exemplo-revista,
    author = {Fulano Tal and Beltrano Silva and Sicrano Souza},
    title = {Título},
    pages = {68-78},
    journal = {Nome da Revista},
    year = {2019}
}

@inproceedings{exemplo-conferencia,
    author = {Fulano Tal and Beltrano Silva and Sicrano Souza},
    title = {Titulo do artigo},
    booktitle = {Nome da conferencia},
    year = {2013},
    pages = {123-138},
    publisher = {EDITORA}
}